@InProceedings{Nagrani17,
  author       = "Nagrani, A. and Chung, J.~S. and Zisserman, A.",
  title        = "VoxCeleb: a large-scale speaker identification dataset",
  booktitle    = "INTERSPEECH",
  year         = "2017",
}
@misc{chollet2015keras,
  title = "Keras",
  author = {Chollet, Fran\c{c}ois and others},
  year = "2015",
  url ="https://github.com/keras-team/keras",
}
@misc{ wiki:xxx,
  author = {{Receiver operating characteristic}},
  title = "Receiver operating characteristic --- {W}ikipedia{,} The Free Encyclopedia",
  year = "2018",
  url = "https://en.wikipedia.org/wiki/Receiver_operating_characteristic",
  note = "[accessed 15-March-2018]"
}

@misc{jlyon,
author = "James Lyons",
title = "Mel Frequency Cepstral Coefficient (MFCC) tutorial",
year = "2013",
url = "http://practicalcryptography.com/miscellaneous/machine-learning/guide-mel-frequency-cepstral-coefficients-mfccs/"
}